@book{Adler07,
    title={Random Fields and Geometry},
    author={Adler, R. J. and Taylor, J. E.},
    publisher= {Springer-Verlag New York},
    year={2007},
    Doi = {10.1007/978-0-387-48116-6}
}

@book{Mehta2004random,
  title={Random Matrices},
  author={Mehta, M.L.},
  isbn={9780080474113},
  lccn={2009659260},
  series={Pure and Applied Mathematics},
  year={2004},
  publisher={Elsevier Science}
}

@book{Mehta91,
   title = Random Matrices,
   author = "Mehta, Madan Lal",
   publisher = "Academic Press",
   address = "Boston, New York, San Diego",
   isbn = "0-12-488051-7",
   year = 1991
}

@article{scGOE,
	title={Some Elementary Results around the Wigner Semicircle Law},
	author={Boutet de Monvel, A. and Khorunzhy, A.},
	year=2015,
	url={https://www.physik.uni-bielefeld.de/bibos/old-bibos-site/01-03-035.pdf}
}

@book {TeschlQM,
    AUTHOR = {Teschl, Gerald},
     TITLE = {Mathematical methods in quantum mechanics},
    SERIES = {Graduate Studies in Mathematics},
    VOLUME = {99},
      NOTE = {With applications to Schr{\"o}dinger operators},
 PUBLISHER = {American Mathematical Society},
      YEAR = {2009},
      ISBN = {978-0-8218-4660-5},
       URL = {http://www.mat.univie.ac.at/~gerald/ftp/book-schroe/schroe.pdf},
}